<?xml version="1.0" encoding="UTF-8"?><collection xmlns="http://www.loc.gov/MARC21/slim"><record><leader>00640nam--2200193-i-4500</leader><controlfield tag="001">000011055</controlfield><controlfield tag="002">20161230</controlfield><controlfield tag="005">20161230201029</controlfield><controlfield tag="008">060222s1000------------r-----000-0-rum-d</controlfield><datafield ind1=" " ind2=" " tag="040"><subfield code="a">IFIN-HH</subfield></datafield><datafield ind1=" " ind2=" " tag="041"><subfield code="a">rum</subfield></datafield><datafield ind1=" " ind2=" " tag="080"><subfield code="a">539.172.3(043:047.1)</subfield></datafield><datafield ind1="1" ind2=" " tag="100"><subfield code="a">Catana, Dumitru</subfield></datafield><datafield ind1="1" ind2="0" tag="245"><subfield code="a">Studiul absorbtiei electrice multipolare pe nuclee deformate prin intermediul reactiilor fotoneutronice</subfield><subfield code="b">Rezumatul tezei de doctorat</subfield><subfield code="c">Dumitru catana</subfield></datafield><datafield ind1=" " ind2=" " tag="260"><subfield code="a">Bucuresti</subfield><subfield code="b">Facultatea De Fizica</subfield><subfield code="c">1974</subfield></datafield><datafield ind1=" " ind2=" " tag="300"><subfield code="a">17 P. + 7 FIG</subfield></datafield><datafield ind1=" " ind2=" " tag="502"><subfield code="a">Conducator Stiintific: Prof.Dr.Doc. D. Bally</subfield></datafield><datafield ind1=" " ind2=" " tag="852"><subfield code="a">40855</subfield><subfield code="c">539.17</subfield></datafield><datafield ind1=" " ind2=" " tag="CAT"><subfield code="a">Sys</subfield><subfield code="c">20120611</subfield><subfield code="h">172144</subfield></datafield></record></collection>